<record><leader>00000cas a2200000 a 4500</leader><controlfield tag="001">35571017</controlfield><controlfield tag="008">960917d18uu1uuumiuwr ne      0    0eng c</controlfield><datafield ind1=" " ind2=" " tag="010"><subfield code="a">sn 96077074 </subfield></datafield><datafield ind1=" " ind2=" " tag="040"><subfield code="a">MHN</subfield><subfield code="b">eng</subfield><subfield code="c">MHN</subfield><subfield code="d">OCL</subfield><subfield code="d">OCLCQ</subfield><subfield code="d">OCLCF</subfield><subfield code="d">OCLCO</subfield></datafield><datafield ind1=" " ind2=" " tag="042"><subfield code="a">pcc</subfield></datafield><datafield ind1=" " ind2=" " tag="043"><subfield code="a">n-us-mi</subfield></datafield><datafield ind1="0" ind2="0" tag="245"><subfield code="a">Gogebic iron spirit.</subfield></datafield><datafield ind1="1" ind2="3" tag="246"><subfield code="a">Iron spirit</subfield></datafield><datafield ind1=" " ind2=" " tag="260"><subfield code="a">Bessemer, Mich. :</subfield><subfield code="b">Spirit Pub. Co.</subfield></datafield><datafield ind1=" " ind2=" " tag="300"><subfield code="a">v.</subfield></datafield><datafield ind1=" " ind2=" " tag="310"><subfield code="a">Weekly</subfield></datafield><datafield ind1=" " ind2=" " tag="588"><subfield code="a">Description based on: Vol. 5, no. 17 (Oct. 3, 1891).</subfield></datafield><datafield ind1=" " ind2="0" tag="651"><subfield code="a">Bessemer (Mich.)</subfield><subfield code="v">Newspapers.</subfield></datafield><datafield ind1=" " ind2="0" tag="651"><subfield code="a">Gogebic County (Mich.)</subfield><subfield code="v">Newspapers.</subfield></datafield><datafield ind1=" " ind2="7" tag="655"><subfield code="a">Newspapers.</subfield><subfield code="2">fast</subfield><subfield code="0">(OCoLC)fst01423814</subfield></datafield><datafield ind1=" " ind2="7" tag="651"><subfield code="a">Michigan</subfield><subfield code="z">Bessemer.</subfield><subfield code="2">fast</subfield><subfield code="0">(OCoLC)fst01231832</subfield></datafield><datafield ind1=" " ind2="7" tag="651"><subfield code="a">Michigan</subfield><subfield code="z">Gogebic County.</subfield><subfield code="2">fast</subfield><subfield code="0">(OCoLC)fst01214766</subfield></datafield><datafield ind1=" " ind2=" " tag="752"><subfield code="a">United States</subfield><subfield code="b">Michigan</subfield><subfield code="c">Gogebic</subfield><subfield code="d">Bessemer.</subfield></datafield></record>